@book{Murray2002,
Author = {Murray, J. D.},
Publisher = {New York ; London : Springer, 2002.},
Series = {Interdisciplinary applied mathematics: 17},
Title = {An introduction. [electronic resource].},
URL = {https://login.ezproxy.net.ucf.edu/login?auth=shibb&url=https://search.ebscohost.com/login.aspx?direct=true&db=cat00846a&AN=ucfl.033183181&site=eds-live&scope=site},
Year = {2002},
}
@article{hallpimm1979,
  title={Direct estimation of competition},
  author={Hallett, James G and Pimm, Stuart L},
  journal={The American Naturalist},
  volume={113},
  number={4},
  pages={593--600},
  year={1979},
  publisher={University of Chicago Press}
}
@article{pfister1995,
  title={Estimating competition coefficients from census data: a test with field manipulations of tidepool fishes},
  author={Pfister, Catherine A},
  journal={The American Naturalist},
  volume={146},
  number={2},
  pages={271--291},
  year={1995},
  publisher={University of Chicago Press}
}